<?xml version="1.0" encoding="UTF-8"?><collection xmlns="http://www.loc.gov/MARC21/slim"><record><leader>00430nam--2200145-i-4500</leader><controlfield tag="001">000032387</controlfield><controlfield tag="002">20161230</controlfield><controlfield tag="005">20161230201039</controlfield><controlfield tag="008">060222s1000------------r-----000-0-eng-d</controlfield><datafield ind1=" " ind2=" " tag="080"><subfield code="a">65.01:001.891</subfield></datafield><datafield ind1=" " ind2=" " tag="100"><subfield code="a">Minot, Jacques</subfield></datafield><datafield ind1=" " ind2=" " tag="245"><subfield code="a">Hommes et administration. aspects du phenomene administratif. preface de j.ardoino</subfield></datafield><datafield ind1=" " ind2=" " tag="260"><subfield code="a">Paris, Gauthier-villars, 1968, Xxvi + 191p</subfield></datafield><datafield ind1=" " ind2=" " tag="490"><subfield code="a">Hommes Et Organisations</subfield></datafield><datafield ind1=" " ind2=" " tag="852"><subfield code="a">31769</subfield></datafield></record></collection>